<?xml version="1.0" encoding="UTF-8"?><collection xmlns="http://www.loc.gov/MARC21/slim"><record><leader>00511nam--2200169-i-4500</leader><controlfield tag="001">000049394</controlfield><controlfield tag="002">20161230</controlfield><controlfield tag="005">20170222171900</controlfield><controlfield tag="008">060222s1000------------r-----000-0-eng-d</controlfield><datafield ind1=" " ind2=" " tag="080"><subfield code="a">389:531.7</subfield></datafield><datafield ind1=" " ind2=" " tag="100"><subfield code="a">Petrescu, Vasile Alecsandru</subfield></datafield><datafield ind1=" " ind2=" " tag="245"><subfield code="a">Metrologia marimilor mecanice. Manual pentru licee de matematica-fizica, meseria metrolog, clasa a XI-a</subfield></datafield><datafield ind1=" " ind2=" " tag="260"><subfield code="a">Bucuresti</subfield><subfield code="b">Ed.Didactica Si Pedagogica</subfield><subfield code="c">1980</subfield></datafield><datafield ind1=" " ind2=" " tag="300"><subfield code="a">358 p</subfield></datafield><datafield ind1=" " ind2=" " tag="700"><subfield code="a">Papuc, Ileana</subfield></datafield><datafield ind1=" " ind2=" " tag="852"><subfield code="a">79709</subfield></datafield><datafield ind1=" " ind2=" " tag="CAT"><subfield code="a">SYS</subfield><subfield code="c">20170222</subfield><subfield code="h">171900</subfield></datafield></record></collection>